@misc{ amazon,
	title = "Amazon Managed Blockchain",
	howpublished = "\url{https://aws.amazon.com/vi/managed-blockchain/}",
	note = "Last visited 17-July-2022"
}

@misc{ fabric_architecture,
	title = "Fabric Guide",
	howpublished = "\url{https://hyperledger-fabric.readthedocs.io/en/release-2.2/network/network.html}",
	note = "Last visited 17-July-2022"
}

@misc{ kubernetes,
	title = "Kubernetes",
	howpublished = "\url{https://kubernetes.io/}",
	note = "Last visited 17-July-2022"
}

@misc{ mongodb,
	title = "The most popular database for modern apps, MongoDB",
	howpublished = "\url{https://www.mongodb.com}",
	note = "Last visited 17-July-2022"
}

@misc{ rabbitmq,
	title = "Messaging that just works — RabbitMQ",
	howpublished = "\url{https://www.rabbitmq.com}",
	note = "Last visited 17-July-2022"
}

@misc{ celery,
	title = "Introduction to Celery",
	howpublished = "\url{https://docs.celeryq.dev/en/stable/getting-started/introduction.html}",
	note = "Last visited 17-July-2022"
}

@misc{ vchain,
	title = "V-Chain - Decentralized application development and deployment platform on Blockchain technology",
	howpublished = "\url{https://v-chain.vn/}",
	note = "Last visited 17-July-2022"
}

V-Chain - Decentralized application development and deployment platform on Blockchain technology

https://v-chain.vn/

“The most popular database for modern apps”, MongoDB
